<record><leader>00000cas a2200000 a 4500</leader><controlfield tag="001">29699373</controlfield><controlfield tag="008">940128d192u19uuiludn ne      0   b0gre c</controlfield><datafield ind1=" " ind2=" " tag="010"><subfield code="a">sn 94054277 </subfield></datafield><datafield ind1=" " ind2=" " tag="040"><subfield code="a">NVF</subfield><subfield code="b">eng</subfield><subfield code="c">NVF</subfield><subfield code="d">OCLCQ</subfield><subfield code="d">NVF</subfield><subfield code="d">OCLCO</subfield><subfield code="d">OCLCF</subfield></datafield><datafield ind1="1" ind2=" " tag="029"><subfield code="a">AU@</subfield><subfield code="b">000025878357</subfield></datafield><datafield ind1=" " ind2=" " tag="042"><subfield code="a">pcc</subfield></datafield><datafield ind1=" " ind2=" " tag="043"><subfield code="a">n-us-il</subfield></datafield><datafield ind1="0" ind2=" " tag="130"><subfield code="a">Kathe&#772;merine&#772; (Chicago, Ill.)</subfield></datafield><datafield ind1="1" ind2="0" tag="245"><subfield code="a">Kathe&#772;merine&#772;.</subfield></datafield><datafield ind1="1" ind2="3" tag="246"><subfield code="a">Chicago Greek daily</subfield><subfield code="f">&lt;Nov. 21, 1925-Apr. 14, 1926&gt;</subfield></datafield><datafield ind1=" " ind2=" " tag="260"><subfield code="a">Chicago, Ill. :</subfield><subfield code="b">S. Kotakis [&amp;] N. Demopoulos</subfield></datafield><datafield ind1=" " ind2=" " tag="300"><subfield code="a">v.</subfield></datafield><datafield ind1=" " ind2=" " tag="310"><subfield code="a">Daily (except Sunday)</subfield></datafield><datafield ind1=" " ind2=" " tag="546"><subfield code="a">In Greek.</subfield></datafield><datafield ind1=" " ind2=" " tag="588"><subfield code="a">Description based on: Etos 5, ar. 273 (Noem. 21, 1925).</subfield></datafield><datafield ind1=" " ind2=" " tag="588"><subfield code="a">Latest issue consulted: Apr. 14, 1926.</subfield></datafield><datafield ind1=" " ind2="0" tag="650"><subfield code="a">Greeks</subfield><subfield code="z">Illinois</subfield><subfield code="z">Chicago</subfield><subfield code="v">Newspapers.</subfield></datafield><datafield ind1=" " ind2="0" tag="650"><subfield code="a">Greek Americans</subfield><subfield code="z">Illinois</subfield><subfield code="z">Chicago</subfield><subfield code="v">Newspapers.</subfield></datafield><datafield ind1=" " ind2="0" tag="651"><subfield code="a">Chicago (Ill.)</subfield><subfield code="v">Newspapers.</subfield></datafield><datafield ind1=" " ind2="7" tag="655"><subfield code="a">Newspapers.</subfield><subfield code="2">fast</subfield><subfield code="0">(OCoLC)fst01423814</subfield></datafield><datafield ind1=" " ind2="7" tag="650"><subfield code="a">Greek Americans.</subfield><subfield code="2">fast</subfield><subfield code="0">(OCoLC)fst00947109</subfield></datafield><datafield ind1=" " ind2="7" tag="650"><subfield code="a">Greeks.</subfield><subfield code="2">fast</subfield><subfield code="0">(OCoLC)fst00947546</subfield></datafield><datafield ind1=" " ind2="7" tag="651"><subfield code="a">Illinois</subfield><subfield code="z">Chicago.</subfield><subfield code="2">fast</subfield><subfield code="0">(OCoLC)fst01204048</subfield></datafield><datafield ind1=" " ind2=" " tag="752"><subfield code="a">United States</subfield><subfield code="b">Illinois</subfield><subfield code="c">Cook</subfield><subfield code="d">Chicago.</subfield></datafield></record>